<record><leader>00000cas a22000007a 4500</leader><controlfield tag="001">10939691</controlfield><controlfield tag="008">840712d17931795njuwr ne      0    0eng  </controlfield><datafield ind1=" " ind2=" " tag="010"><subfield code="a">sn 84020483 </subfield></datafield><datafield ind1=" " ind2=" " tag="040"><subfield code="a">DLC</subfield><subfield code="b">eng</subfield><subfield code="c">DLC</subfield><subfield code="d">NPX</subfield><subfield code="d">NPA</subfield><subfield code="d">NJW</subfield><subfield code="d">MGN</subfield><subfield code="d">OCLCG</subfield><subfield code="d">KRTAS</subfield><subfield code="d">OCLCA</subfield></datafield><datafield ind1="1" ind2=" " tag="029"><subfield code="a">AU@</subfield><subfield code="b">000025810813</subfield></datafield><datafield ind1=" " ind2=" " tag="042"><subfield code="a">msc</subfield></datafield><datafield ind1="0" ind2="0" tag="050"><subfield code="a">Newspaper</subfield></datafield><datafield ind1="0" ind2="0" tag="245"><subfield code="a">Woods's Newark gazette and Paterson advertiser.</subfield></datafield><datafield ind1="0" ind2="0" tag="246"><subfield code="a">Newark gazette and Paterson advertiser</subfield></datafield><datafield ind1=" " ind2=" " tag="260"><subfield code="a">Newark, N.J. :</subfield><subfield code="b">John Woods,</subfield><subfield code="c">1793-</subfield></datafield><datafield ind1=" " ind2=" " tag="300"><subfield code="a">v.</subfield></datafield><datafield ind1=" " ind2=" " tag="310"><subfield code="a">Weekly</subfield></datafield><datafield ind1="0" ind2=" " tag="362"><subfield code="a">Vol. 2, no. 40 (Feb. 14, 1793)-</subfield></datafield><datafield ind1="1" ind2=" " tag="362"><subfield code="a">Ceased May 6, 1795.</subfield></datafield><datafield ind1="1" ind2=" " tag="700"><subfield code="a">Woods, John,</subfield><subfield code="d">1765?-</subfield></datafield><datafield ind1=" " ind2=" " tag="752"><subfield code="a">United States</subfield><subfield code="b">New Jersey</subfield><subfield code="c">Essex</subfield><subfield code="d">Newark.</subfield></datafield><datafield ind1="0" ind2="0" tag="780"><subfield code="t">Woods's Newark gazette</subfield><subfield code="w">(DLC)sn 85025456</subfield><subfield code="w">(OCoLC)11743249</subfield></datafield><datafield ind1="0" ind2="0" tag="785"><subfield code="t">Woods's Newark gazette and New-Jersey advertiser</subfield><subfield code="w">(DLC)sn 84020484</subfield><subfield code="w">(OCoLC)10939708</subfield></datafield><datafield ind1=" " ind2=" " tag="938"><subfield code="a">Kirtas Technologies, Inc.</subfield><subfield code="b">KRTS</subfield><subfield code="n">738607</subfield></datafield></record>